@book{PH,
	author = {Eliezer Melamed},
	title = {Laws of Prayer},
	shorttitle = {PH Prayer},
	series = {Peninei Halakha},
	year = 2011,
	isbn = 9781613290330, 
	translator = {Atira Ote},
	publisher = {Yeshivat Har Bracha},
	url = {https://www.sefaria.org/Peninei_Halakhah,_Prayer}
}

@book{PHYT,
	author = {Eliezer Melamed},
	title = {Laws of the Festivals},
	shorttitle = {PH Festivals},
	series = {Peninei Halakha},
	year = 2018,
	isbn = 9789657723272, 
	translator = {Elli Fischer},
	publisher = {Yeshivat Har Bracha},
	url = {https://www.sefaria.org/Peninei_Halakhah,_Festivals}

@book{Applbaum,
	author = {Karl Applbaum},
	title = {Laws Governing the Reading of the Torah, Prophets and Megillos Esther in the Synagogue},
	shorttitle = {Laws},
	year = 1951,
	publisher = {Ktav}
}


@Book{artscroll,
	location = {Brooklyn, N.Y},
	edition = {1st ed},
	title = {The expanded {ArtScroll} Siddur: weekday, Sabbath, Festival = [Sidur Bet Yosef: hÌ£ol. Shabat, Shalosh regalim]},
	isbn = {9781422609682},
	series = {{ArtScroll} Mesorah series},
	shorttitle = {The expanded {ArtScroll} Siddur},
	pagetotal = {1107},
	publisher = {Mesorah Publication},
	editor = {Scherman, Nosson and Zlotowitz, Meir},
	date = 2010,
	keywords = {Judaism, Liturgy, Siddur, Siddurim, Texts}
}

@book{Koren,
	title = {The Koren Siddur},
	shorttitle = {Koren Siddur},
	publisher = {Koren Publishers Jerusalem Ltd},
	date = 2016,
	note = {The table of permitted responses is in both the Talpiot and the Sacks editions.}
}

@book{Kitzur,
	author = {Shlomo Ganzfried},
	title = {Kitzur Shul\d{h}an Arukh},
	shorttitle = {Kitzur SA},
	translator = {Avrohom Davis},
	publisher = {Metzudah Publications},
	year = 1996,
	url = {https://www.sefaria.org/Kitzur_Shulchan_Arukh}
	}